@article{barns2016mine,
  title =	 {Mine your data: {O}pen data, digital strategies and
                  entrepreneurial governance by code},
  author =	 {Barns, Sarah},
  journal =	 {Urban Geography},
  volume =	 {37},
  number =	 {4},
  pages =	 {554--571},
  year =	 2016,
  publisher =	 {Taylor \& Francis}
}

@article{beheshti2019datasynapse,
  title =	 {Datasynapse: {A} social data curation foundry},
  author =	 {Beheshti, Amin and Benatallah, Boualem and Tabebordbar,
                  Alireza and Motahari-Nezhad, Hamid Reza and Barukh, Moshe Chai
                  and Nouri, Reza},
  journal =	 {Distributed and Parallel Databases},
  volume =	 37,
  pages =	 {351--384},
  year =	 2019,
  publisher =	 {Springer}
}

@article{borgman2012conundrum,
  title =	 {The conundrum of sharing research data},
  author =	 {Borgman, Christine L},
  journal =	 {Journal of the American Society for Information Science and
                  Technology},
  volume =	 63,
  number =	 6,
  pages =	 {1059--1078},
  year =	 2012,
  publisher =	 {Wiley Online Library}
}

@article{cantor2018facets,
  title =	 {{FACETS}: using open data to measure community social
                  determinants of health},
  author =	 {Cantor, Michael N and Chandras, Rajan and Pulgarin, Claudia},
  journal =	 {Journal of the American Medical Informatics Association},
  volume =	 25,
  number =	 4,
  pages =	 {419--422},
  year =	 2018,
  publisher =	 {Oxford University Press}
}

@article{gerte2019understanding,
  title =	 {Understanding the relationships between demand for shared ride
                  modes: {C}ase study using open data from New York City},
  author =	 {Gerte, Raymond and Konduri, Karthik C and Ravishanker, Nalini
                  and Mondal, Amit and Eluru, Naveen},
  journal =	 {Transportation Research Record},
  volume =	 2673,
  number =	 12,
  pages =	 {30--39},
  year =	 2019,
  publisher =	 {SAGE Publications Sage CA: Los Angeles, CA}
}

@misc{hart2016ten,
  title =	 {Ten simple rules for digital data storage},
  author =	 {Hart, Edmund M and Barmby, Pauline and LeBauer, David and
                  Michonneau, Fran{\c{c}}ois and Mount, Sarah and Mulrooney,
                  Patrick and Poisot, Timoth{\'e}e and Woo, Kara H and
                  Zimmerman, Naupaka B and Hollister, Jeffrey W},
  journal =	 {PLoS Computational Biology},
  volume =	 12,
  number =	 10,
  pages =	 {e1005097},
  year =	 2016,
  publisher =	 {Public Library of Science San Francisco, CA USA}
}

@article{hossain2016state,
  title =	 {State-of-the-art in open data research: {I}nsights from
                  existing literature and a research agenda},
  author =	 {Hossain, Mohammad Alamgir and Dwivedi, Yogesh K and Rana,
                  Nripendra P},
  journal =	 {Journal of Organizational Computing and Electronic Commerce},
  volume =	 26,
  number =	 {1-2},
  pages =	 {14--40},
  year =	 2016,
  publisher =	 {Taylor \& Francis}
}

@article{janssen2012benefits,
  title =	 {Benefits, adoption barriers and myths of open data and open
                  government},
  author =	 {Janssen, Marijn and Charalabidis, Yannis and Zuiderwijk,
                  Anneke},
  journal =	 {Information Systems Management},
  volume =	 {29},
  number =	 {4},
  pages =	 {258--268},
  year =	 {2012},
  publisher =	 {Taylor \& Francis}
}

@article{johnson2014civic,
  title =	 {Civic hackathons: {I}nnovation, procurement, or civic
                  engagement?},
  author =	 {Johnson, Peter and Robinson, Pamela},
  journal =	 {Review of Policy Research},
  volume =	 31,
  number =	 4,
  pages =	 {349--357},
  year =	 2014,
  publisher =	 {Wiley Online Library}
}

@article{liu2015understanding,
  title =	 {Understanding urban {C}hina with open data},
  author =	 {Liu, Xingjian and Song, Yan and Wu, Kang and Wang, Jianghao
                  and Li, Dong and Long, Ying},
  journal =	 {Cities},
  volume =	 47,
  pages =	 {53--61},
  year =	 2015,
  publisher =	 {Elsevier}
}

@article{mclure2014data,
  title =	 {Data curation: {A} study of researcher practices and needs},
  author =	 {McLure, Merinda and Level, Allison V and Cranston, Catherine L
                  and Oehlerts, Beth and Culbertson, Mike},
  journal =	 {portal: Libraries and the Academy},
  volume =	 14,
  number =	 2,
  pages =	 {139--164},
  year =	 2014,
  publisher =	 {Johns Hopkins University Press}
}

@article{neves2020impacts,
  title =	 {The impacts of open data initiatives on smart cities: {A}
                  framework for evaluation and monitoring},
  author =	 {Neves, F{\'a}tima Trindade and de Castro Neto, Miguel and
                  Aparicio, Manuela},
  journal =	 {Cities},
  volume =	 106,
  pages =	 102860,
  year =	 2020,
  publisher =	 {Elsevier}
}

@article{shankar2021data,
  title =	 {Data curation as collective action during {COVID}-19},
  author =	 {Shankar, Kalpana and Jeng, Wei and Thomer, Andrea and Weber,
                  Nicholas and Yoon, Ayoung},
  journal =	 {Journal of the Association for Information Science and
                  Technology},
  volume =	 72,
  number =	 3,
  pages =	 {280--284},
  year =	 2021,
  publisher =	 {Wiley Online Library}
}

@article{wang2016adoption,
  title =	 {Adoption of open government data among government agencies},
  author =	 {Wang, Hui-Ju and Lo, Jin},
  journal =	 {Government Information Quarterly},
  volume =	 33,
  number =	 1,
  pages =	 {80--88},
  year =	 2016,
  publisher =	 {Elsevier}
}

@article{witt2009constructing,
  title =	 {Constructing data curation profiles},
  author =	 {Witt, Michael and Carlson, Jacob and Brandt, D Scott and
                  Cragin, Melissa H},
  journal =	 {International Journal of Digital Curation},
  volume =	 4,
  number =	 3,
  pages =	 {93--103},
  year =	 2009
}

@article{zuiderwijk2014open,
  title =	 {Open data policies, their implementation and impact: {A}
                  framework for comparison},
  author =	 {Zuiderwijk, Anneke and Janssen, Marijn},
  journal =	 {Government Information Quarterly},
  volume =	 31,
  number =	 1,
  pages =	 {17--29},
  year =	 2014,
  publisher =	 {Elsevier}
}
