@article{barns2016mine,
  title =	 {Mine your data: {O}pen data, digital strategies and
                  entrepreneurial governance by code},
  author =	 {Barns, Sarah},
  journal =	 {Urban Geography},
  volume =	 37,
  number =	 4,
  pages =	 {554--571},
  year =	 2016,
  publisher =	 {Taylor \& Francis}
}

@article{beheshti2019datasynapse,
  title =	 {Datasynapse: {A} social data curation foundry},
  author =	 {Beheshti, Amin and Benatallah, Boualem and
                  Tabebordbar, Alireza and Motahari-Nezhad, Hamid Reza
                  and Barukh, Moshe Chai and Nouri, Reza},
  journal =	 {Distributed and Parallel Databases},
  volume =	 37,
  pages =	 {351--384},
  year =	 2019,
  publisher =	 {Springer}
}

@article{borgman2012conundrum,
  title =	 {The conundrum of sharing research data},
  author =	 {Borgman, Christine L},
  journal =	 {Journal of the American Society for Information
                  Science and Technology},
  volume =	 63,
  number =	 6,
  pages =	 {1059--1078},
  year =	 2012,
  publisher =	 {Wiley Online Library}
}

@article{cantor2018facets,
  title =	 {{FACETS}: {U}sing open data to measure community
                  social determinants of health},
  author =	 {Cantor, Michael N and Chandras, Rajan and Pulgarin,
                  Claudia},
  journal =	 {Journal of the American Medical Informatics
                  Association},
  volume =	 25,
  number =	 4,
  pages =	 {419--422},
  year =	 2018,
  publisher =	 {Oxford University Press}
}

@inproceedings{chu2016data,
  title =	 {Data cleaning: {O}verview and emerging challenges},
  author =	 {Chu, Xu and Ilyas, Ihab F and Krishnan, Sanjay and
                  Wang, Jiannan},
  booktitle =	 {Proceedings of the 2016 international conference on
                  management of data},
  pages =	 {2201--2206},
  year =	 2016
}

@book{cody2017cody,
  title =	 {Cody's data cleaning techniques using {SAS}},
  author =	 {Cody, Ron},
  year =	 2017,
  publisher =	 {SAS Institute}
}

@inproceedings{geiger2020garbage,
  title =	 {Garbage in, garbage out? Do machine learning
                  application papers in social computing report where
                  human-labeled training data comes from?},
  author =	 {Geiger, R Stuart and Yu, Kevin and Yang, Yanlai and
                  Dai, Mindy and Qiu, Jie and Tang, Rebekah and Huang,
                  Jenny},
  booktitle =	 {Proceedings of the 2020 Conference on Fairness,
                  Accountability, and Transparency},
  pages =	 {325--336},
  year =	 2020
}

@article{gerte2019understanding,
  title =	 {Understanding the relationships between demand for
                  shared ride modes: {C}ase study using open data from
                  New York City},
  author =	 {Gerte, Raymond and Konduri, Karthik C and
                  Ravishanker, Nalini and Mondal, Amit and Eluru,
                  Naveen},
  journal =	 {Transportation Research Record},
  volume =	 2673,
  number =	 12,
  pages =	 {30--39},
  year =	 2019,
  publisher =	 {SAGE Publications Sage CA: Los Angeles, CA}
}

@misc{hart2016ten,
  title =	 {Ten simple rules for digital data storage},
  author =	 {Hart, Edmund M and Barmby, Pauline and LeBauer,
                  David and Michonneau, Fran{\c{c}}ois and Mount,
                  Sarah and Mulrooney, Patrick and Poisot,
                  Timoth{\'e}e and Woo, Kara H and Zimmerman, Naupaka
                  B and Hollister, Jeffrey W},
  journal =	 {PLoS Computational Biology},
  volume =	 12,
  number =	 10,
  pages =	 {e1005097},
  year =	 2016,
  publisher =	 {Public Library of Science San Francisco, CA USA}
}

@incollection{helskyaho2021delivery,
  title =	 {Delivery and Automation Pipeline in Machine
                  Learning},
  author =	 {Helskyaho, Heli and Yu, Jean and Yu, Kai},
  booktitle =	 {Machine Learning for Oracle Database Professionals},
  pages =	 {167--191},
  year =	 2021,
  publisher =	 {Apress, Berkeley, CA},
  doi =		 {10.1007/978-1-4842-7032-5_8}
}

@article{hossain2016state,
  title =	 {State-of-the-art in open data research: {I}nsights
                  from existing literature and a research agenda},
  author =	 {Hossain, Mohammad Alamgir and Dwivedi, Yogesh K and
                  Rana, Nripendra P},
  journal =	 {Journal of Organizational Computing and Electronic
                  Commerce},
  volume =	 26,
  number =	 {1-2},
  pages =	 {14--40},
  year =	 2016,
  publisher =	 {Taylor \& Francis}
}

@article{hosseinzadeh2023data,
  title =	 {Data cleansing mechanisms and approaches for big
                  data analytics: {A} systematic study},
  author =	 {Hosseinzadeh, Mehdi and Azhir, Elham and Ahmed, Omed
                  Hassan and Ghafour, Marwan Yassin and Ahmed, Sarkar
                  Hasan and Rahmani, Amir Masoud and Vo, Bay},
  journal =	 {Journal of Ambient Intelligence and Humanized
                  Computing},
  pages =	 {99--111},
  volume =	 14,
  year =	 2023,
  publisher =	 {Springer}
}

@article{hurbean2021open,
  title =	 {Open data based machine learning applications in
                  smart cities: A systematic literature review},
  author =	 {Hurbean, Luminita and Danaiata, Doina and Militaru,
                  Florin and Dodea, Andrei-Mihail and Negovan,
                  Ana-Maria},
  journal =	 {Electronics},
  volume =	 10,
  number =	 23,
  pages =	 2997,
  year =	 2021,
  publisher =	 {MDPI}
}

@inproceedings{jain2020overview,
  title =	 {Overview and importance of data quality for machine
                  learning tasks},
  author =	 {Jain, Abhinav and Patel, Hima and Nagalapatti,
                  Lokesh and Gupta, Nitin and Mehta, Sameep and
                  Guttula, Shanmukha and Mujumdar, Shashank and Afzal,
                  Shazia and Sharma Mittal, Ruhi and Munigala,
                  Vitobha},
  booktitle =	 {Proceedings of the 26th ACM SIGKDD international
                  conference on knowledge discovery \& data mining},
  pages =	 {3561--3562},
  year =	 2020
}

@article{janssen2012benefits,
  title =	 {Benefits, adoption barriers and myths of open data
                  and open government},
  author =	 {Janssen, Marijn and Charalabidis, Yannis and
                  Zuiderwijk, Anneke},
  journal =	 {Information Systems Management},
  volume =	 29,
  number =	 4,
  pages =	 {258--268},
  year =	 2012,
  publisher =	 {Taylor \& Francis}
}

@article{johnson2014civic,
  title =	 {Civic hackathons: {I}nnovation, procurement, or
                  civic engagement?},
  author =	 {Johnson, Peter and Robinson, Pamela},
  journal =	 {Review of Policy Research},
  volume =	 31,
  number =	 4,
  pages =	 {349--357},
  year =	 2014,
  publisher =	 {Wiley Online Library}
}

@article{khemasuwan2021applications,
  title =	 {Applications and challenges of AI-based algorithms
                  in the {COVID-19} pandemic},
  author =	 {Khemasuwan, Danai and Colt, Henri G},
  journal =	 {BMJ Innovations},
  year =	 2021,
  volume =	 7,
  pages =	 {387--398},
  doi =		 {10.1136/bmjinnov-2020-000648},
  url =		 {https://innovations.bmj.com/content/early/recent}
}

@article{liu2015understanding,
  title =	 {Understanding urban {C}hina with open data},
  author =	 {Liu, Xingjian and Song, Yan and Wu, Kang and Wang,
                  Jianghao and Li, Dong and Long, Ying},
  journal =	 {Cities},
  volume =	 47,
  pages =	 {53--61},
  year =	 2015,
  publisher =	 {Elsevier}
}

@incollection{maletic2005data,
  title =	 {Data cleansing},
  author =	 {Maletic, Jonathan I and Marcus, Andrian},
  booktitle =	 {Data Mining and Knowledge Discovery Handbook},
  editor =	 {Maimon, O. and Rokach, L.},
  pages =	 {21--36},
  year =	 2005,
  publisher =	 {Springer}
}

@article{mclure2014data,
  title =	 {Data curation: {A} study of researcher practices and
                  needs},
  author =	 {McLure, Merinda and Level, Allison V and Cranston,
                  Catherine L and Oehlerts, Beth and Culbertson, Mike},
  journal =	 {portal: Libraries and the Academy},
  volume =	 14,
  number =	 2,
  pages =	 {139--164},
  year =	 2014,
  publisher =	 {Johns Hopkins University Press}
}

@article{neves2020impacts,
  title =	 {The impacts of open data initiatives on smart
                  cities: {A} framework for evaluation and monitoring},
  author =	 {Neves, F{\'a}tima Trindade and de Castro Neto,
                  Miguel and Aparicio, Manuela},
  journal =	 {Cities},
  volume =	 106,
  pages =	 102860,
  year =	 2020,
  publisher =	 {Elsevier}
}

@inproceedings{polyzotis2019data,
  title =	 {Data validation for machine learning},
  author =	 {Polyzotis, Neoklis and Zinkevich, Martin and Roy,
                  Sudip and Breck, Eric and Whang, Steven},
  booktitle =	 {Proceedings of Machine Learning and Systems},
  editor =	 {A. Talwalkar and V. Smith and M. Zaharia},
  pages =	 {334--347},
  year =	 2019
}

@article{rahm2000data,
  title =	 {Data cleaning: {P}roblems and current approaches},
  author =	 {Rahm, Erhard and Do, Hong Hai},
  journal =	 {Bulletin of the IEEE Computer Society Technical
                  Committee on Data Engineering},
  volume =	 23,
  number =	 4,
  pages =	 {3--13},
  year =	 2000,
  publisher =	 {IEEE}
}

@article{shankar2021data,
  title =	 {Data curation as collective action during
                  {COVID}-19},
  author =	 {Shankar, Kalpana and Jeng, Wei and Thomer, Andrea
                  and Weber, Nicholas and Yoon, Ayoung},
  journal =	 {Journal of the Association for Information Science
                  and Technology},
  volume =	 72,
  number =	 3,
  pages =	 {280--284},
  year =	 2021,
  publisher =	 {Wiley Online Library}
}

@book{van2018statistical,
  title =	 {Statistical data cleaning with applications in {R}},
  author =	 {Van der Loo, Mark and De Jonge, Edwin},
  year =	 2018,
  publisher =	 {John Wiley \& Sons}
}

@article{wang2016adoption,
  title =	 {Adoption of open government data among government
                  agencies},
  author =	 {Wang, Hui-Ju and Lo, Jin},
  journal =	 {Government Information Quarterly},
  volume =	 33,
  number =	 1,
  pages =	 {80--88},
  year =	 2016,
  publisher =	 {Elsevier}
}

@article{witt2009constructing,
  title =	 {Constructing data curation profiles},
  author =	 {Witt, Michael and Carlson, Jacob and Brandt, D Scott
                  and Cragin, Melissa H},
  journal =	 {International Journal of Digital Curation},
  volume =	 4,
  number =	 3,
  pages =	 {93--103},
  year =	 2009
}

@article{worby2020face,
  title =	 {Face mask use in the general population and optimal
                  resource allocation during the {COVID-19} pandemic},
  author =	 {Worby, Colin J and Chang, Hsiao-Han},
  journal =	 {Nature communications},
  volume =	 11,
  number =	 1,
  pages =	 4049,
  year =	 2020,
  publisher =	 {Nature Publishing Group UK London}
}

@article{zuiderwijk2014open,
  title =	 {Open data policies, their implementation and impact:
                  {A} framework for comparison},
  author =	 {Zuiderwijk, Anneke and Janssen, Marijn},
  journal =	 {Government Information Quarterly},
  volume =	 31,
  number =	 1,
  pages =	 {17--29},
  year =	 2014,
  publisher =	 {Elsevier}
}


@inproceedings{zha2014profiling,
  title={Profiling and prediction of non-emergency calls in {N}ew {Y}ork {C}ity},
  author={Zha, Yilong and Veloso, Manuela},
  booktitle={Proceedings of the Workshop on Semantic Cities: Beyond Open Data to Models, Standards and Reasoning, AAAI},
  pages = {41--47},
  year={2014}
}

@techreport{mulligan2019understanding,
  title={Understanding {N}ew {Y}ork {C}ity’s 311 Data},
  author={Mulligan, Kerry and Cuevas, Celina and Grimsley, Edwin and Chauhan, P and Bond, E},
  type = {Justice Data Brief},
  institution = {Misdeameanor Justice Project, CUNY-John Jay College},
  year={2019}
}

@article{dove2022sounds,
  title={Sounds of New York city},
  author={Dove, Graham and Mydlarz, Charlie and Bello, Juan Pablo and Nov, Oded},
  journal={Interactions},
  volume={29},
  number={3},
  pages={32--35},
  year={2022},
  publisher={ACM New York, NY, USA}
}

@article{white2018promises,
  title={The promises and pitfalls of 311 data},
  author={White, Ariel and Trump, Kris-Stella},
  journal={Urban Affairs Review},
  volume={54},
  number={4},
  pages={794--823},
  year={2018},
  publisher={SAGE Publications Sage CA: Los Angeles, CA}
}

@article{wang2017structure,
  title={Structure of 311 service requests as a signature of urban location},
  author={Wang, Lingjing and Qian, Cheng and Kats, Philipp and Kontokosta, Constantine and Sobolevsky, Stanislav},
  journal={PloS One},
  volume={12},
  number={10},
  pages={e0186314},
  year={2017},
  publisher={Public Library of Science San Francisco, CA USA}
}

@article{raj2021swift,
  title={{SWIFT}: {A} non-emergency response prediction system using sparse {G}aussian conditional random fields},
  author={Raj, Raushan and Ramesh, Arti and Seetharam, Anand and DeFazio, David},
  journal={Pervasive and Mobile Computing},
  volume={71},
  pages={101317},
  year={2021},
  publisher={Elsevier}
}

@article{kontokosta2021bias,
  title={Bias in smart city governance: How socio-spatial disparities in 311 complaint behavior impact the fairness of data-driven decisions},
  author={Kontokosta, Constantine E and Hong, Boyeong},
  journal={Sustainable Cities and Society},
  volume={64},
  pages={102503},
  year={2021},
  publisher={Elsevier}
}

@article{agonafir2022understanding,
  title={Understanding New York City street flooding through 311 complaints},
  author={Agonafir, Candace and Pabon, Alejandra Ramirez and Lakhankar, Tarendra and Khanbilvardi, Reza and Devineni, Naresh},
  journal={Journal of Hydrology},
  volume={605},
  pages={127300},
  year={2022},
  publisher={Elsevier}
}